1852 3224
302 171 347 219 X
362 206 365 212 .
833 175 1207 230 PRAEFATIO.

302 308 540 375 tionisque
586 309 768 378 aliquid
818 311 1029 362 habituri
1074 317 1212 364 etiam
1261 317 1320 365 iis
1339 350 1355 379 ,
1421 319 1506 385 qui
1542 317 1595 367 in
1622 302 1744 381 alus

302 395 603 459 antiquarum
658 395 899 445 literarum
951 399 1070 447 loeis
1117 400 1360 450 lubentius
1415 403 1738 466 versarentur,

301 477 362 525 ad
404 477 493 530 bos
541 487 698 528 tamen
739 489 902 546 poetas
947 483 1189 533 devertere
1231 488 1440 536 solerent
1481 488 1751 549 interdum.-

301 562 546 624 Fortasse,
586 562 770 614 fatebor
804 567 957 628 enim,
995 586 1092 616 non
1127 570 1186 617 ad
1221 589 1322 619 eam
1357 571 1532 637 judicii
1559 540 1740 639 ,1εῇὴί

299 655 441 696 tatem
481 667 669 713 operam
704 668 851 698 meam
885 656 1154 715 attenuavi,
1204 674 1345 721 quam
1390 666 1664 723 exspectent
1703 661 1748 710 ii·

301 735 385 798 qui
419 736 610 781 nonnisi
647 735 808 800 paullo
843 736 1083 802 longiores
1127 740 1352 806 reliquias
1386 739 1739 809 easqne³poeti-

300 819 369 866 cis
402 817 657 866 virtutibus
692 820 896 867 nitentes
930 820 1022 868 sibi
1053 821 1391 891 discipulisque
1432 828 1532 874 suis
1566 829 1740 893 apponi

300 903 585 951 desiderent.
681 903 874 952 Scilicet
914 905 990 953 vel
1041 908 1110 955 sic
1155 909 1438 974 subrepebat
1472 905 1635 973 dolor,
1695 914 1738 961 si
1807 944 1809 946 -

299 986 416 1052 quid
449 988 654 1035 instituti
688 991 837 1037 nostri
866 992 1072 1038 rationes
1107 995 1307 1040 resecari
1332 993 1585 1059 jubebant.
1655 996 1736 1044 Ad

296 1074 726 1121 Anacreonteorum
774 1074 964 1140 quidem
1013 1076 1205 1127 lusuurn
1253 1077 1582 1141 fabricatores,
1641 1080 1733 1130 hoc

298 1166 370 1206 est
402 1158 462 1205 ad
490 1159 751 1207 Autronios
779 1167 827 1207 et
859 1160 1107 1225 Stajenos5
1144 1162 1428 1212 descendere
1461 1166 1625 1214 timui:
1673 1184 1734 1219 ex

294 1243 392 1291 illis
429 1245 580 1302 cnivis
615 1245 823 1292 recidere
857 1243 1020 1293 licebit
1053 1253 1101 1294 et
1141 1247 1382 1296 eliminare
1417 1263 1728 1319 quaecunque

294 1347 392 1378 non
427 1337 567 1378 erunt
597 1331 672 1377 sui
705 1331 905 1395 saporis.

427 1416 562 1464 Artis
606 1417 795 1464 criticae
844 1417 1156 1465 instrumenta
1194 1417 1354 1466 addidi
1393 1422 1525 1470 haee.
1613 1421 1730 1471 Ubi-

295 1517 388 1565 que
432 1499 636 1546 indicavi
669 1505 998 1546 controversae
1043 1499 1259 1547 lectionis
1299 1502 1454 1550 fontes
1499 1503 1726 1552 fontium·

293 1604 386 1651 que
418 1585 753 1632 diversitatem.
841 1583 983 1645 Quod
1015 1586 1132 1631 mihi
1167 1602 1223 1633 eo
1260 1588 1408 1652 magis
1441 1590 1622 1654 requiri
1654 1591 1725 1638 vi-

292 1671 491 1719 debatur
523 1688 687 1735 posse,
727 1686 822 1735 quo
853 1670 1039 1716 saevius
1075 1670 1369 1735 quorundam
1403 1671 1644 1721 doctorum
1679 1682 1728 1723 et

291 1758 403 1806 olim
449 1763 496 1804 et
536 1754 786 1802 admodum
830 1772 957 1802 nune
1001 1753 1261 1803 lubidinem
1303 1757 1354 1802 in
1399 1756 1487 1805 hos
1531 1765 1725 1807 truncos

290 1843 470 1890 scilieet
503 1842 707 1906 grassari
741 1838 1040 1904 indignabar.
1112 1840 1217 1886 Jam
1252 1840 1343 1889 hoc
1377 1842 1594 1889 effectum
1628 1851 1719 1904 est,

289 1933 344 1972 ut
386 1942 480 1990 quo
527 1940 742 1988 quaeque
783 1922 1015 1985 scriptura
1055 1916 1360 1970 fundamento
1403 1925 1616 1986 insistat,
1667 1928 1719 1974 in

287 2009 485 2073 proclivi
519 2009 581 2054 sit
622 2007 774 2070 primo
815 1989 982 2052 obtutu
1021 2022 1322 2069 cognoscere.
1420 2007 1493 2054 Ex
1535 2008 1720 2058 horreis

287 2093 554 2138 criticorum
604 2089 773 2153 repetii
817 2089 859 2135 si
901 2087 1017 2152 quid
1058 2088 1134 2137 vel
1183 2107 1311 2138 nunc
1351 2090 1548 2156 dignum
1595 2100 1718 2141 esset
1792 2108 1794 2110 ’

285 2178 481 2241 cognitu
532 2182 578 2222 et
623 2173 751 2239 quod
797 2172 861 2219 ad⁴
898 2173 1248 2220 instaurandam
1288 2173 1538 2222 dubiorum
1589 2176 1715 2225 loeo·

283 2260 736 2324 rumintegritatem
765 2256 1062 2305 conducibile
1097 2258 1236 2306 soret.
1311 2259 1619 2323 Conjecturas
1653 2261 1714 2310 ab

283 2341 689 2392 emendationibus
729 2341 924 2388 distinxi
966 2343 1057 2402 ita,
1119 2349 1173 2390 ut
1212 2342 1317 2390 illas
1359 2345 1412 2390 in
1450 2346 1546 2393 imo
1588 2363 1711 2394 mar-

281 2433 393 2496 gine
450 2407 682 2493 signarem
701 2459 717 2488 ,
786 2426 861 2473 his
909 2427 960 2473 in
1011 2428 1113 2491 ipsa
1169 2427 1420 2477 verborum
1467 2433 1711 2482 continua-

279 2518 408 2563 tione
450 2517 606 2562 loeum
641 2511 973 2571 concederem,
1017 2510 1094 2570 vel
1127 2511 1256 2576 quod
1297 2523 1537 2579 exemptae
1572 2516 1707 2566 dubi-

278 2601 453 2647 tatione
498 2596 771 2644 viderentur
807 2594 885 2641 vel
924 2595 1035 2658 quia
1076 2593 1137 2641 ad
1174 2594 1224 2641 id
1267 2596 1396 2661 quod
1429 2616 1594 2648 verum
1636 2610 1708 2650 est

278 2684 467 2730 ducere.
540 2681 637 2742 Qui
669 2687 824 2727 tamen
853 2678 1000 2726 fortes
1030 2696 1130 2727 esse
1161 2682 1340 2742 volent,
1377 2700 1458 2730 eos
1492 2702 1587 2732 non
1618 2684 1704 2732 du-

277 2767 376 2815 bito
418 2767 535 2832 quin
579 2766 629 2811 in
669 2764 757 2812 hac
803 2770 934 2828 parte
975 2764 1122 2811 multa
1165 2771 1324 2812 contra
1367 2767 1702 2832 'praescriptam
