1820 3210
546 210 850 310 'Theognidis
885 243 1091 308 Elegiae.
1478 244 1544 294 53

105 380 195 431 ἀπὸ
222 386 308 430 τῶν
337 377 448 448 πρὸς
480 382 532 441 τῆ
562 376 735 444 Ἀττικῆ
770 376 1003 445 Μεγάρων·
1040 376 1174 434 αὐτὸς
1211 377 1296 442 γάρ
1338 397 1474 443 φησιν
1514 381 1538 428 ὁ

104 468 285 534 ποιητης
314 443 385 510 (V.
421 425 541 489 785.
548 442 595 510 )’

158 512 394 563 Ἦλθον
390 520 507 574 μὲν
547 512 650 575 γὰρ
690 514 852 572 ἔγωγε
891 519 984 563 καὶ
1027 512 1103 567 εἰς
1139 513 1394 572 Σικελην
1407 533 1538 562 ποτε

1083 586 1266 640 γαῖαν

63 646 135 720 ᾧ
164 649 227 710 μὴ
266 647 498 709 ἕπιστησας
541 644 732 695 Πλάτων
780 651 824 694 ἐν
870 646 898 695 ά
938 646 1106 708 Νόμων
1151 654 1235 695 τῶν
1279 653 1326 698 ἐν
1360 653 1536 713 Σικελίᾳ

96 722 338 779 Μεγαρέων
375 722 558 772 πολίτην
591 718 778 778 ἔφασκεν
813 715 893 775 [εἰς
927 714 1161 778 Σικελίαν]
1205 717 1533 776 κατηκολούθη·

95 803 182 833 σαν
210 789 255 831 δὲ
283 788 351 850 τῷ
379 783 588 839 Πλάτωνι
617 781 695 832 οὐκ
730 782 798 829 ὃλί
783 802 880 842 ιγοι.
946 780 1034 827 Illa
1070 784 1129 839 εἰς
1149 788 1246 838 Σικ
1236 788 1349 831 λίαν
1381 783 1532 830 seelu-

95 851 160 896 sit
185 833 451 897 Dobraeus.
523 849 677 895 Natus
711 847 955 912 Theognis
988 849 1196 912 Megaris
1235 849 1373 912 juxta
1407 851 1530 898 Atti·

94 934 196 963 eam
237 917 370 980 degit
415 918 466 963 in
511 915 700 973 Sicilia,
751 914 972 975 Euboea,
1022 915 1406 977 Lacedaemone,
1447 917 1531 966 ubi

93 1001 147 1030 se
179 983 476 1048 hospitaliter
510 991 751 1045 acceptum
794 982 1032 1047 praedicat
1071 985 1172 1047 ipse
1208 1002 1256 1030 v.
1286 982 1389 1030 783
1417 1003 1526 1050 sqq.

92 1051 154 1098 Et
198 1051 547 1115 Megarensium
601 1050 791 1116 quidem
841 1050 1031 1098 Siciliae
1078 1053 1196 1098 civis
1243 1051 1396 1098 factus
1436 1062 1527 1113 est,

91 1119 220 1166 unde
270 1119 454 1165 Platoni
498 1120 649 1183 Legg.
690 1118 745 1178 l,
778 1116 914 1178 650,
950 1119 1014 1166 Α.
1053 1126 1124 1166 est
1156 1126 1334 1178 πολίτης
1370 1129 1454 1170 τῶν
1485 1128 1531 1170 ἐν

90 1193 268 1252 Σικελία
302 1193 558 1251 ΙθΙεγαρὲων,
595 1184 723 1249 quod
752 1185 810 1231 de
847 1193 991 1242 θέσει,
1039 1204 1135 1233 non
1169 1189 1297 1252 φύσει
1327 1187 1530 1253 intelligi

90 1237 264 1300 debere
296 1270 425 1300 nunc
459 1269 596 1299 nemo
626 1259 697 1299 est
731 1254 847 1315 quin
883 1254 1164 1300 consentiat.
1214 1255 1360 1300 Recte
1380 1254 1528 1302 Scho-

89 1319 252 1379 liasta:
313 1326 393 1373 Τι’
393 1326 451 1368 δὲ
497 1320 674 1371 ἐκώλυεν
720 1320 856 1369 αὐτὸν
897 1326 941 1368 ἐκ
985 1320 1147 1380 ταύτης
1189 1330 1268 1382 μὲν
1310 1319 1418 1376 εἶναι
1452 1329 1529 1381 τῆς

88 1379 364 1473 Μεγαρίδος,
414 1387 671 1436 ἀπελθόντα
713 1391 758 1435 δὲ
800 1389 860 1443 εἰς
900 1393 1122 1444 Σικελίαν,
1177 1389 1234 1454 ὥς
1278 1389 1306 1448 ἡ
1356 1397 1530 1453 ἱστορία

87 1459 192 1517 ἔχει,
237 1461 450 1517 γενέσθαι
482 1455 601 1519 νόμῳ
629 1460 838 1518 Μεγαρέα
871 1461 976 1511 ἐκεῖ,
1020 1457 1076 1512 ὡς
1108 1463 1182 1504 καὶ
1210 1456 1288 1510 τὸν
1313 1457 1530 1521 Τύρταιον

86 1523 463 1584 Λακεδαιμόνιον;
531 1504 610 1570 All
635 1522 827 1585 Megara
857 1520 995 1585 juxta
1027 1523 1230 1573 Atticam
1256 1538 1402 1586 quum
1438 1523 1527 1570 alia

86 1596 302 1652 spectant
333 1595 520 1652 aperte,
553 1595 653 1635 tum
687 1605 735 1633 v.
762 1585 864 1634 775
883 1605 990 1652 sqq.
1026 1590 1337 1659 apertissime.
1394 1591 1529 1638 Vixit

85 1663 222 1735 poeta
257 1657 379 1702 circa
416 1655 774 1720 Olympiadem
793 1657 1156 1720 sexagesimam:
1212 1653 1527 1721 Hieronymus

84 1725 137 1770 in
173 1722 411 1774 Chronico
448 1723 528 1770 Ol.
564 1723 706 1783 LIX,
744 1711 795 1771 1.
833 1722 911 1770 vel
943 1723 1135 1780 LVIII,
1162 1721 1211 1770 1.
1251 1726 1521 1772 annotavit:

91 1791 141 1837 T
136 1791 322 1856 loeoyms
359 1797 501 1853 poeta
541 1790 695 1837 clarus
737 1791 949 1837 habetur.
1047 1789 1249 1854 Reliqua
1295 1809 1417 1855 quae
1465 1792 1526 1839 ad

84 1858 179 1910 sata
214 1866 380 1922 poetae
415 1857 693 1906 illustranda
715 1857 914 1917 faciunt,
952 1874 1011 1904 ex
1035 1856 1195 1904 libro
1183 1860 1351 1921 ipsius,
1382 1876 1523 1923 quem

83 1923 223 1972 nobis
255 1931 516 1988 temperare
545 1942 639 1973 nou
667 1926 907 1987 potuimus
931 1926 1185 1988 quominus
1210 1924 1412 1972 delectui
1438 1943 1523 1973 uo-

83 1999 184 2038 stro
230 1993 544 2039 insereremus
591 1993 863 2056 integrum,
913 1991 1035 2038 lecto
1083 1999 1130 2038 et
1171 1994 1406 2054 pensitato
1440 2010 1521 2056 pa-

81 2067 281 2110 tescent.
351 2059 577 2115 Nostrum
613 2067 710 2118 est,
751 2058 810 2105 ad
845 2052 1110 2122 exemplum
1134 2058 1382 2113 Welckeri
1405 2078 1520 2124 pau-

80 2128 150 2174 cis
183 2143 402 2174 enarrare
448 2143 570 2191 quae
604 2125 927 2175 condicionem
963 2126 1140 2190 patriae
1175 2128 1308 2173 ιιιΙιίε
1341 2129 1404 2173 ita
1441 2144 1519 2174 ex·

80 2193 299 2253 hibeant,
345 2193 470 2240 unde
506 2195 553 2239 in
586 2201 749 2257 poetae
777 2193 1069 2240 intellectum
1104 2192 1187 2239 lux
1222 2193 1472 2241 redundet.

159 2282 163 2286 ’
211 2261 389 2308 Multas
431 2261 782 2324 Megarensium
829 2262 995 2310 civitas
1041 2267 1087 2306 et
1128 2271 1324 2324 magnas
1374 2261 1520 2309 subiit

79 2330 410 2377 conversiones
444 2346 603 2376 rerum
637 2327 867 2377 civilium.
950 2329 1060 2398 Ipse
1095 2335 1259 2378 auctor
1286 2337 1423 2392 poeta
1466 2346 1514 2376 v.

76 2392 181 2441 855
191 2413 321 2479 sqq.

78 2458 356 2520 Πολλάκις
387 2487 464 2526 η
449 2465 576 2521 πόλις
609 2465 687 2524 ηδε
716 2465 766 2514 δι’
797 2463 1021 2526 ηγεμόνων
1053 2463 1271 2520 κακότητα

147 2529 288 2595 ὥσπερ
320 2539 540 2595 κεκλιμένη
572 2539 676 2590 νηῦς
709 2533 830 2595 παρὰ
863 2536 944 2592 γῆν
977 2534 1174 2595 ἐᾝδραμεν

210 2596 338 2645 Nam
375 2615 526 2661 quum·
565 2598 845 2663 'lheagenes
888 2596 1275 2662 Olymp.XL11.
1321 2596 1513 2660 adjutus

75 2682 102 2710 a
137 2662 275 2728 plebe
310 2663 539 2713 nobilium
575 2675 622 2713 et
656 2666 841 2717 divitias
876 2671 923 2711 et
956 2666 1212 2728 potentiam
1247 2681 1412 2727 pelosa
1442 2673 1512 2730 ty-

75 2729 321 2777 rannidem
357 2741 656 2795 occupasset,
705 2733 762 2782 de
798 2750 892 2797 qua
933 2739 1031 2778 arte
1062 2731 1208 2777 refert
1235 2732 1511 2780 Aristoteles

74 2796 219 2844 Polit.
248 2798 312 2856 V,
351 2796 416 2859 4,
453 2797 504 2845 5.
521 2832 536 2860 ,
586 2800 806 2864 idemque
839 2816 1004 2846 rursus
1038 2806 1163 2845 esset
1193 2797 1418 2862 expulsus
1451 2798 1511 2845 ab

41 2865 423 2931 ‚Optimatibus,
469 2874 521 2914 ut
554 2874 746 2932 putant,
801 2867 975 2931 quibus
1019 2865 1269 2913 insultasse
1305 2865 1508 2926 videtur,
