1852 3224
447 965 1186 1024 PRAEFATIO.

83 1521 317 1603 Magno
359 1535 496 1584 biatu
540 1533 837 1584 saeculorum
880 1533 941 1582 ab
976 1533 1215 1601 Aeschylo
1251 1534 1542 1585 distinemur

84 1628 132 1669 et
167 1619 375 1668 Pindaro
410 1622 647 1668 Homerus
667 1620 1024 1687 Hesiodusque.
1096 1622 1219 1670 Nam
1255 1625 1339 1689 qui
1373 1631 1540 1688 poetae

81 1705 291 1754 medium
349 1706 475 1752 inter
522 1714 752 1772 utrosque
807 1708 963 1755 locum
1016 1708 1306 1772 explevere,
1374 1725 1539 1755 eorum

81 1807 230 1856 quum
274 1791 548 1837 memoriam
597 1798 780 1838 constat
819 1792 1024 1840 multum
1067 1809 1173 1839 esse
1216 1791 1536 1852 obscuratam,

78 1882 180 1922 tum
215 1875 425 1922 carmina
465 1873 642 1939 injuria
677 1882 942 1940 temporum
978 1875 1276 1923 intercidisse
1309 1875 1538 1941 pleraque

79 1961 258 2007 omnia.
341 1958 656 2006 Adumbratio
691 1967 848 2007 autem
883 1959 1112 2008 historiae
1134 1960 1438 2008 Graecarum
1479 1961 1535 2007 li-

80 2053 286 2091 terarum
329 2061 600 2108 quanquam
643 2043 739 2090 illis
781 2045 830 2091 in
864 2045 1092 2102 saccum,
1144 2054 1199 2093 ut
1234 2048 1286 2093 in
1318 2046 1535 2094 obscuris

77 2137 124 2177 et
158 2148 184 2177 a
223 2129 465 2177 communi
499 2127 746 2175 hominum
784 2131 950 2177 notitia
995 2130 1357 2191 semotioribus,
1405 2149 1532 2179 com-

76 2214 250 2261 morari
299 2214 443 2279 gestit
487 2212 890 2279 declamandoque
938 2212 1147 2263 exsultat
1187 2221 1236 2262 et
1281 2214 1529 2275 exuberat,

74 2305 257 2345 tantum
308 2295 471 2358 abest,
541 2305 595 2345 ut
635 2299 930 2365 integrorum
977 2315 1230 2363 corporum
1283 2300 1528 2346 interitum

75 2384 346 2431 narratione
390 2390 607 2431 accurata
657 2391 706 2431 et
746 2383 837 2431 sub
878 2401 1049 2431 sensus
1091 2382 1308 2448 subjecta
1353 2386 1524 2443 elevet,

75 2476 129 2516 ut
170 2469 342 2516 fortius
392 2470 599 2517 excitare
637 2469 787 2518 soleat
828 2471 1038 2534 ipsarum
1084 2469 1395 2535 reliquiarum
1443 2469 1524 2517 do·

72 2553 320 2602 siderium.
395 2554 625 2616 Quemvis
658 2556 784 2603 enim
816 2563 936 2621 puto
974 2558 1137 2620 paullo
1168 2557 1412 2604 crectioris
1448 2558 1521 2603 iu-

73 2638 196 2685 dolis
231 2639 296 2684 ita
340 2639 518 2686 sentire
555 2646 831 2704 expertum,
877 2647 932 2688 ut
967 2639 1091 2687 nihil
1118 2641 1271 2705 magis
1305 2658 1520 2689 necessa-

71 2725 196 2771 rium
226 2739 329 2770 esse
364 2723 633 2784 existimet,
686 2741 829 2790 quam
863 2724 1161 2773 saeculorum
1196 2725 1386 2774 illorum
1420 2745 1519 2774 mo-

71 2817 296 2858 numenta
331 2808 634 2874 explorasse,
671 2811 713 2858 si
749 2811 859 2876 quis
894 2810 970 2859 vel
1004 2812 1320 2859 recentiorum
1356 2821 1515 2877 porta-
