1820 3210
547 99 833 164 Theognidis
867 100 1073 166 Elegiae.
1463 100 1529 150 55

90 258 198 299 μον,
243 235 538 284 matrimonia
569 234 684 281 inita
729 251 834 281 cum
877 232 1110 301 plebejis,
1170 238 1324 283 omnia
1368 235 1528 284 lucelli

90 305 243 368 gratia
287 293 431 350 infide
479 308 683 366 patrata,
748 319 904 348 rerum
958 309 1106 348 status
1157 306 1408 351 universus
1462 307 1527 351 ita

90 387 376 429 concussus,
426 375 479 415 ut
509 370 594 434 qui
626 376 762 416 antea
796 386 952 415 rerum
987 371 1197 417 omnium
1233 371 1410 418 domini
1445 389 1525 419 ex—

86 439 345 496 stitissent,
402 434 503 500 jam
549 435 609 483 ad
656 436 845 483 infimae
891 434 1163 499 plebeculae
1210 446 1527 502 contemptum

89 510 246 552 essent
279 502 475 550 detrusi.
553 503 662 565 Quo
698 511 812 550 tunc
846 503 922 549 vel
955 520 1166 551 maerore
1201 506 1529 553 contabuerint

88 570 166 619 vel
187 571 505 619 aestuaverint
536 571 861 635 indignatione
890 571 1034 616 animi
1061 571 1387 635 Optimatium⁹
1426 581 1526 620 tan-

87 654 228 702 quam
276 639 329 685 in
370 637 531 686 tabula
577 640 699 702 picta
735 637 1030 702 Theognidis
1078 638 1270 686 exhibet
1313 639 1522 687 libellus-

86 705 454 753 Excusationcm
489 713 646 753 autem
671 703 815 753 habet
835 705 926 752 hoc
950 705 1364 771 flagrantissimum
1389 708 1524 771 Opti-

84 774 282 820 matium
325 772 533 820 studium
579 773 674 820 illis
718 772 1035 836 temporibus,
1100 773 1272 839 quibus
1315 776 1525 822 nondum

86 839 303 888 Socrates
345 842 528 888 veriora
572 847 792 887 sanxerat
826 840 883 888 de
922 832 1104 903 integra
1137 842 1450 908 καλοκάγαθίᾳ
1481 850 1527 890 ct

85 925 197 957 vera
230 905 475 955 nobilitate
509 909 683 955 animi.
735 906 879 955 habet
917 909 968 954 in
1003 908 1281 974 Theognide
1315 927 1525 973 praeser-

86 976 199 1035 tim,
249 992 390 1040 quem
429 992 630 1040 aequum
672 982 771 1022 erat
812 992 995 1022 summo
1031 947 1166 1022 odioo
1173 979 1392 1041 persequi
1424 995 1522 1036 eos,

88 1059 291 1107 quorum
326 1042 405 1090 vel
431 1043 629 1106 perfidia
657 1041 733 1090 vel
761 1042 1033 1090 crudelitate
1054 1041 1287 1090 honorum
1315 1046 1524 1091 omnium

79 1108 314 1174 jacturam
353 1109 544 1157 fecisset
587 1117 634 1157 et
674 1117 805 1157 extra
843 1112 1019 1173 patriae
1061 1110 1181 1158 fines
1215 1111 1350 1158 exsul
1384 1129 1524 1176 vaga·

83 1184 233 1224 retur.
303 1178 361 1225 In
395 1193 452 1224 eo
485 1176 677 1224 homine
711 1194 808 1222 non
837 1177 1103 1224 mirandum
1133 1185 1230 1237 est,
1268 1180 1308 1225 si
1339 1181 1525 1241 ἀγαθῶν

85 1242 182 1309 (vel
201 1242 404 1372 Sci-W)
456 1251 503 1291 et
542 1249 686 1293 κακῶν
732 1242 830 1308 (vel
873 1243 1042 1310 δειλῶν)
1092 1245 1406 1308 appellatione
1455 1248 1524 1293 sic

83 1309 269 1359 abutitu
371 1317 426 1357 ut
459 1309 751 1358 nobilitatem
800 1312 989 1375 generis
1031 1317 1078 1358 et
1120 1329 1302 1358 morum
1337 1311 1521 1359 bonita-

83 1385 206 1438 tem,
261 1379 450 1444 generis
483 1378 796 1427 humilitatem
831 1384 876 1426 et
908 1380 1183 1445 pravitatem
1213 1380 1358 1427 animi
1383 1379 1522 1444 juxta

84 1447 316 1494 aestimet.

218 1514 288 1560 Ea
332 1521 488 1562 autem
533 1521 807 1578 praecepta,
874 1533 993 1580 quae
1037 1516 1194 1580 Cyrno
1242 1514 1524 1580 Polypa'i'dae

118 1581 304 1645 ropinat
338 1590 506 1646 poeta,
567 1580 814 1646 quibusvis
854 1583 1087 1630 nobilium
1131 1583 1435 1630 Doriensium
1466 1582 1523 1628 fi-

82 1599 162 1695 ilis
194 1665 326 1713 quae
366 1651 725 1714 ingererentur,
788 1649 932 1715 digna
976 1657 1126 1698 erant.
1218 1649 1361 1712 Quod
1411 1667 1524 1697 vero

83 1715 417 1764 Welckerus
403 1734 559 1780 ipsum
594 1733 767 1764 nomen
801 1717 948 1782 Cyrni
978 1716 1310 1782 appellativum
1343 1722 1521 1777 censet,

83 1800 180 1847 quo
214 1785 435 1831 universe
465 1784 650 1848 puellus
680 1801 924 1861 qenerosuc
968 1785 1263 1850 significetur
1298 1784 1519 1849 Prolegg.

82 1849 347 1911 XXXIII,
408 1850 580 1898 multas
627 1850 677 1897 id
723 1851 868 1899 habet
898 1858 961 1899 et
1003 1870 1202 1923 magnas
1260 1853 1520 1899 cautiones.

83 1917 206 1965 Nam
251 1935 416 1981 parum
461 1935 514 1966 ea
558 1919 764 1982 opinatio
808 1907 1161 1967 commendatur
1207 1919 1287 1966 vel
1324 1936 1351 1966 a
1394 1936 1523 1965 more

83 1992 296 2032 veterum
344 1993 617 2049 poetarum,
676 1987 760 2051 qui
808 1994 986 2034 certum
1038 1986 1243 2050 aliquem
1284 1985 1523 2033 hominem
1592 2010 1595 2012 -

83 2052 293 2099 suaviter
325 2053 554 2113 affantur,
604 2052 682 2100 vel
710 2070 736 2100 a
771 2053 874 2101 fide,
899 2055 1221 2118 antiquitatis,
1267 2070 1387 2118 quae
1410 2054 1525 2116 Cyr-

83 2136 199 2166 num
247 2121 473 2167 amasium
520 2126 687 2183 poetae
740 2128 903 2181 vocet,
965 2121 1042 2168 vel
1072 2138 1098 2167 a
1128 2121 1245 2167 locis
1279 2120 1524 2166 nonnullis

84 2187 345 2235 carminum
374 2188 613 2251 ipsorum,
652 2204 710 2234 ex
744 2187 919 2252 quibus
942 2188 1191 2236 manifesto
1218 2187 1389 2246 claret,
1428 2204 1523 2251 quo

84 2252 190 2301 loco
234 2254 420 2319 Cyrnus
462 2255 608 2302 fuerit
642 2255 943 2320 Theognffli,
1005 2256 1112 2302 vide
1147 2271 1226 2301 vv.
1257 2252 1363 2301 255
1388 2271 1495 2332 sqq.
1504 2286 1519 2314 ‚

85 2310 236 2381 655.
286 2318 445 2381 82Ο.,
500 2318 637 2368 ’1051
674 2339 782 2387 sqq.
799 2357 816 2383 ,
877 2323 954 2371 vel
998 2322 1202 2386 denique
1237 2340 1262 2369 a
1298 2323 1524 2368 memoria

86 2387 274 2448 Photii,
317 2390 401 2454 qui
430 2354 549 2436 llaec
588 2390 778 2453 scripsit
812 2407 853 2437 s.
891 2408 940 2437 v.
1024 2392 1267 2454 Κύρνος·
1314 2390 1523 2454 ἐρώμενος

92 2454 340 2516 Θεόγνιδος·
370 2457 622 2513 Μακεδόνες
655 2463 700 2506 δὲ
730 2459 834 2515 τοὺς
866 2466 1066 2516 σκοτίους
1098 2459 1289 2522 udovovg„
1305 2463 1521 2507 καλοῦσιν.

87 2521 200 2568 Vox
241 2524 416 2588 Κύρνου
458 2522 671 2588 ejusdem
713 2532 785 2572 est
824 2525 997 2573 radicis
1039 2541 1277 2589 propago,
1327 2540 1386 2570 ex
1428 2540 1521 2588 qua

85 2586 383 2654 pullularunt
427 2591 577 2657 κόρος,
633 2598 814 2657 κοῦρος,
864 2599 1023 2658 κῶρος,
1081 2593 1250 2653 κύριος,
1305 2600 1521 2656 κοίρανος

87 2654 213 2703 alia:
266 2673 430 2704 verum
462 2657 585 2704 nihil
615 2657 855 2721 obstabat,
902 2660 1155 2726 quominus
1189 2657 1318 2704 istud
1351 2675 1522 2704 nomen

88 2723 270 2804 bomini
307 2723 550 2772 inderetur
586 2729 847 2791 proprium.
923 2729 1165 2774 Postremo
1199 2726 1524 2830 anecta
