1820 3210
259 110 327 160 52
493 70 496 76 ⁴
701 105 986 172 Theognidis
1021 100 1228 172 Elegiae.

259 243 326 289 ait
368 241 479 302 ille,
531 242 698 290 ὄπιθεν
737 245 784 288 δὲ
829 240 1016 305 δράκων,
1076 256 1123 285 v.
1162 237 1409 286 Welclaeri
1454 239 1675 304 Prolegg.

261 310 373 356 CIV
401 325 507 372 sqq.
623 307 809 360 Incerto
854 308 983 352 casui
1035 312 1214 352 tantum
1265 322 1536 352 eoncessum
1586 307 1680 359 fuit

253 375 403 439 juris,
452 382 531 433 ut,
569 374 651 437 qui
687 389 785 419 mos
819 372 911 418 fuit
941 378 1148 418 veterum
1186 368 1674 447 Grenmmaticulorum,

257 460 314 489 ex
356 440 660 489 similitudine
710 441 951 485 literarum
1000 438 1231 499 fragmina
1267 437 1404 501 juxta
1439 438 1598 487 collon
1585 448 1676 486 :ata

254 515 495 586 appareat,
550 524 642 574 quo
677 505 734 551 de
769 505 950 551 misello
985 504 1184 551 artificio
1216 513 1322 567 post
1366 505 1482 552 alios
1525 523 1676 569 nuper

254 576 471 637 exposuit
519 565 744 620 Lehrsius
786 571 1000 632 Quaestt.
1058 571 1180 634 Epp.
1249 568 1352 616 215
1385 588 1498 636 sqq.
1580 574 1674 620 Ex-

250 641 403 688 stnhat
434 649 587 687 autem
623 639 699 686 hic
734 639 848 685 ordo
874 638 972 701 jam
1007 638 1193 684 saeculo
1219 637 1322 695 XI,
1373 655 1467 701 quo
1502 639 1672 687 suidas

250 708 434 755 lexicon
468 725 603 753 suum
628 706 955 768 comportavit.
995 704 1054 749 ad
1086 704 1373 767 eandemque
1399 722 1556 767 *paene
1587 724 1670 752 an-

248 776 508 837 tiquitatem
543 771 823 833 adscendere
853 768 1039 816 videtur
1060 770 1205 816 codex
1228 771 1530 818 Mutinensis.
1582 773 1671 820 Ce-

246 848 397 886 terum
432 839 550 885 illud
577 845 700 884 recte
728 845 922 883 tenuere
952 837 1160 895 librarii,
1205 836 1336 883 nullo
1367 839 1590 885 continuo
1623 846 1673 886 et

246 909 505 969 interrupto
559 899 752 950 flumine
798 905 1051 950 sententias
1099 902 1269 949 delabi.
1369 903 1489 950 Nam
1541 905 1670 968 quod

246 980 402 1019 nostra
442 979 589 1018 aetate
636 971 838 1017 instituit
871 972 975 1016 Ric.
1017 970 1309 1028 Brunclzius,
1363 977 1415 1016 ut
1456 972 1668 1036 singulas

241 1038 492 1103 particulas
537 1039 685 1101 spatio
729 1054 753 1082 3
799 1038 1032 1100 contiguis
1074 1039 1318 1082 sententiis
1361 1036 1661 1100 dispesccret‚

241 1106 460 1170 quodque
509 1106 774 1152 institutum
826 1106 978 1150 tenuit
1031 1105 1168 1149 Imm.
1213 1102 1454 1149 Beltkcrus
1494 1112 1542 1150 et
1577 1122 1670 1152 nos

238 1173 489 1219 tenendum
534 1172 626 1217 rati
671 1186 860 1230 sumus,
928 1169 1052 1232 idem
1101 1170 1274 1216 Pactum
1325 1171 1375 1215 in
1423 1170 1665 1219 codicibus

234 1239 434 1286 Bekkeri
469 1237 836 1297 BDHlMNQR.

248 1315 251 1324 '
364 1304 650 1351 Welclzerus
689 1312 839 1349 autem
882 1303 948 1348 sic
992 1317 1240 1364 aggressus
1273 1310 1344 1349 est
1375 1306 1659 1351 resuscitati-

232 1383 368 1419 onem
416 1362 707 1434 Theognidis
757 1370 868 1415 satis
916 1369 1255 1431 periculosam,
1319 1378 1388 1416 ut
1417 1371 1658 1449 Ιι3ιιόφι3-

232 1452 370 1502 quam
414 1438 616 1483 voluerit
650 1435 798 1481 videri
833 1437 1183 1497 compositionis
1217 1443 1360 1482 artem
1397 1439 1656 1500 pristinam,

230 1507 270 1550 si
305 1515 395 1568 qua
432 1497 550 1562 fuit,
601 1502 922 1564 'redintegrare
965 1509 1157 1547 conatus
1201 1519 1303 1548 csse
1336 1533 1404 1538 —
1447 1505 1498 1550 id
1530 1507 1655 1551 enim

229 1570 474 1618 excederet
507 1569 814 1615 humanarum
849 1569 1018 1613 virium
1042 1568 1403 1615 mediocritatem
1431 1598 1526 1629 ——,
1571 1571 1656 1621 sed

226 1645 281 1684 ut
321 1632 449 1700 ‘paria
491 1635 656 1699 juncta
699 1634 917 1698 paribus,
976 1634 1208 1681 similibus
1252 1636 1448 1695 similia,
1514 1654 1653 1702 expe·
1672 1637 1680 1642 ’

226 1704 440 1751 ditiorem
461 1702 710 1749 redderent
729 1708 775 1747 et
802 1701 1132 1765 jucundiorem
1155 1710 1317 1765 poetae
1341 1703 1648 1752 intellectum.

226 1771 378 1832 Quem
413 1776 585 1816 autem
602 1781 789 1815 cursum
820 1770 1023 1814 tenuerit
1055 1770 1128 1813 vir
1159 1786 1368 1816 summus
1404 1772 1463 1817 in
1482 1772 1658 1820 itinere

224 1837 405 1884 lubrico
447 1844 502 1883 et
540 1835 760 1898 ambiguo
809 1834 1015 1881 vindicat
1056 1835 1215 1882 CVIII
1261 1854 1369 1901 sqq.
1498 1837 1650 1885 Nobis

223 1903 312 1950 hoc
332 1903 490 1958 debferi
511 1902 756 1948 videbatur
772 1901 983 1948 codicum
1010 1919 1146 1948 manu
1168 1906 1444 1966 scriptorum
1463 1912 1510 1951 et
1528 1906 1646 1951 mul·-

222 1971 412 2016 titudini
438 1978 485 2016 'et
511 1970 755 2026 vetustati,
796 1977 849 2014 ut
881 1969 1093 2015 ordinem
1125 1979 1392 2016 constanter
1425 1971 1646 2020 traditum
1695 2000 1697 2005 2

220 2038 466 2083 immutare
501 2036 721 2100 religioni
755 2035 1048 2094 duceremus,
1087 2052 1231 2100 quum
1273 2040 1564 2099 praesertim,
1605 2041 1648 2087 si

219 2102 278 2149 ab
304 2111 407 2150 octo
425 2102 639 2150 versibus
664 2103 826 2165 primis
851 2104 1117 2162 recesseris,
1157 2104 1403 2151 Welckeri
1431 2105 1544 2152 ordo
1570 2124 1643 2154 ca-

217 2176 327 2216 rens
349 2178 528 2217 rectore
555 2169 765 2216 fluctuet.
839 2171 894 2216 ln
917 2170 1108 2216 eandem
1131 2173 1408 2218 sententiam
1439 2170 1644 2236 disputat

220 2235 411 2283 Geelius
435 2234 1092 2295 Bihl.(“th0v.1828‚
1140 2237 1240 2298 IV,
1286 2236 1397 2284 220
1431 2256 1537 2303 sqq.
1573 2268 1678 2299 -‚

278 2336 281 2339 ι
350 2304 697 2350 Consectarium
732 2310 833 2360 est,
883 2310 936 2348 ut
964 2303 1022 2349 de'
1055 2305 1149 2349 vita
1183 2312 1351 2370 poetae
1379 2322 1519 2370 quam
1552 2323 1636 2370 po-

216 2371 433 2415 terimus·
444 2371 727 2416 brevissime
779 2369 1094 2416 absolvamus.
1184 2371 1539 2428 proficiscamur
1577 2372 1637 2419 ab

215 2435 612 2499 Harpocratione,
666 2438 748 2499 qui
781 2436 896 2483 haec
942 2439 1258 2502 consignavit:
1327 2442 1415 2486 Τοῦ
1454 2446 1636 2497 ποιητοῦ
1697 2488 1701 2490 ,

219 2503 448 2563 Θεόγνιδος
487 2504 740 2566 μνημονεύει
773 2504 1019 2567 Ἰσοκράτης
1061 2511 1106 2554 ἕν
1145 2513 1239 2561 ταῖς
1276 2507 1386 2568 πρὸς
1419 2513 1637 2556 Νικοκλέα

213 2570 463 2629 ὑποθηκαις
521 2571 695 2634 (Isocrz
738 2569 921 2616 Nicocl.
962 2569 1045 2615 12.
1062 2603 1077 2630 ,
1154 2571 1236 2617 ubi
1277 2571 1535 2618 Hesiodum
1588 2580 1645 2620 et
1683 2576 1686 2583 ’

213 2635 535 2716 'lheognidem
579 2645 626 2682 et
661 2635 958 2700 phocylidem
1010 2638 1213 2708 ἀρίστους
1258 2639 1538 2700 συμβούλους
1571 2644 1634 2703 τῷ
1675 2695 1684 2699 -

208 2707 290 2766 βίῳ
326 2708 386 2767 τῷ
419 2708 503 2752 τῶν
535 2702 790 2771 ἀνθρώπων
814 2703 1014 2768 vocat-⁸)
1037 2709 1185 2761 οὗτος
1227 2706 1266 2753 δ’
1311 2711 1385 2764 ἠν
1407 2707 1635 2788 Μεγαρεὺς
