1852 3224
320 166 436 216 VIII
851 168 1224 220 PRAEFATIO.

326 322 431 351 rum
474 306 675 353 virtutes
725 306 1046 374 intelligenter
1085 308 1322 379 pensitare
1359 308 1436 356 vel
1479 323 1764 374 cognoscere

328 387 503 453 gradus
556 407 636 437 eos
682 390 833 452 volet,
892 392 1066 458 quibus
1110 392 1170 445 ad
1216 391 1439 458 Aeschyli
1482 399 1530 441 et
1574 391 1767 440 Pindari

328 476 658 538 praestantiam
688 476 932 540 paullatim
967 495 1214 526 ascensum
1248 479 1328 526 sit.
1410 478 1632 544 Plerique
1662 477 1766 542 qui÷

331 557 449 604 dem>
486 560 666 610 incerto
713 562 913 627 quodam
951 581 1140 612 rumore
1179 561 1507 632 ambiguisque
1546 561 1767 610 laudibus

331 643 522 691 illorum
545 647 629 712 qui
660 648 882 698 interiere
916 656 1159 713 poetarum
1187 647 1511 702 excellentiam
1545 654 1767 712 tanquam

333 747 359 777 e
401 729 666 796 longinquo
707 741 1018 781 venerantur:
1075 735 1362 781 accuratiore
1405 732 1677 798 cognitione
1722 738 1771 783 et

335 832 457 879 quae
495 833 554 864 ex
598 835 751 881 gnavo
793 819 1100 884 reliquiarum
1141 821 1349 883 ipsarum
1390 817 1546 864 studio
1591 815 1770 864 efflare-2

334 906 452 961 scat,
494 909 672 949 carent.
744 902 869 957 Sunt
898 906 981 969 qui
1011 903 1200 951 illorum
1234 910 1478 968 poctarum
1510 902 1772 972 fra-quaeum

333 982 503 1045 procul
535 1002 562 1030 a
597 1002 649 1031 se
693 987 966 1047 amoveant,
1028 988 1079 1033 in
1120 985 1541 1052 integrisssdemum
1575 985 1773 1048 scriptos-

303 1110 306 1112 .
334 1066 469 1117 ribus
509 1067 748 1130 habitare,
795 1071 1055 1137 fragmenta
1091 1071 1331 1135 despicere
1368 1068 1622 1133 pulchrum
1650 1067 1773 1115 arbi=

336 1154 465 1200 trati.
537 1153 638 1200 Illis
674 1155 834 1202 studui
869 1135 1055 1220 gratum
1095 1157 1276 1204 Iacere:
1329 1154 1417 1209 hos
1462 1170 1551 1219 ego
1595 1151 1658 1209 ,ab
1703 1153 1776 1200 in·-

336 1238 503 1286 stituto
537 1257 638 1286 meo
673 1240 837 1303 procul
870 1258 1082 1288 amoveo.

471 1322 574 1374 Nec
610 1323 803 1371 defuere
838 1333 945 1372 ante
994 1342 1080 1379 nos
1117 1325 1199 1389 qui
1242 1323 1413 1377 similia
1447 1322 1642 1374 consilia
1677 1323 1776 1387 agis

340 1414 496 1455 tarent
548 1409 896 1480 particulasque
943 1410 1129 1463 illarum
1175 1409 1483 1474 reliquiarum
1535 1406 1778 1470 decerptas

341 1502 692 1555 proponerent,
740 1511 833 1559 quo
870 1494 1091 1541 damnum
1130 1494 1252 1547 illud
1285 1493 1435 1540 literis
1468 1491 1663 1543 Graecis
1692 1492 1778 1539 im-

341 1584 576 1647 portatum
642 1579 986 1644 quodammodo
1055 1581 1325 1628 sarciretur.
1448 1577 1629 1625 Verum
1699 1575 1780 1623 illa

343 1680 485 1726 opera
532 1664 680 1714 Mieh.
719 1664 957 1726 Neandri,
981 1718 984 1723 ¹
1010 1666 1074 1711 H.
1122 1664 1381 1728 Stephani,
1419 1662 1556 1709 Fulv.
1594 1662 1777 1721 Ursini,

345 1748 453 1797 Ric.
493 1748 721 1797 Brunchii
761 1748 960 1796 aliorum
998 1748 1075 1796 vel
1117 1748 1294 1795 dudum
1343 1746 1524 1797 exoleta
1554 1752 1782 1793 vetustate

344 1833 591 1897 perierunt
635 1841 682 1881 et
729 1850 789 1880 ex
830 1832 1074 1882 hominum
1120 1832 1335 1891 manibus
1382 1847 1646 1891 evanuere,
1707 1828 1784 1876 vel

347 1936 446 1966 non
477 1918 775 1973 satisfaciunt
806 1918 1066 1966 doctiorum
1099 1917 1344 1972 hominum
1380 1916 1655 1976 desideriis,
1704 1932 1784 1962 ve-

347 2002 421 2056 lut
451 2001 708 2049 Gaisfordii
755 2011 802 2051 et
837 2002 1005 2051 Gilesii
1045 2003 1376 2055 Britannorum
1426 2008 1591 2065 poetae
1635 2000 1785 2046 mino-

347 2105 443 2148 res,
482 2087 774 2142 Mehlhornii
808 2090 1030 2143 nostratis
1054 2086 1341 2152 Anthologia
1372 2088 1535 2151 lyrica,
1605 2075 1708 2133 Nec
1736 2082 1786 2129 id

349 2175 540 2226 mirum.
647 2173 836 2237 Quippe
890 2173 1144 2221 multorum
1193 2172 1474 2226 industrIam
1522 2187 1642 2235 opus
1689 2175 1788 2216 erat

351 2259 567 2312 consumi
610 2259 661 2304 in
704 2257 982 2323 colligendis
1030 2264 1078 2304 et
1123 2257 1413 2304 curatissime
1448 2253 1788 2326 pertractandis

354 2343 556 2406 singulis
608 2342 905 2407 singulorum
953 2351 1196 2407 poetarum
1253 2340 1596 2406 fragminibus,
1659 2346 1789 2387 ante-

354 2445 495 2492 quam
545 2445 602 2476 ex
645 2429 775 2474 omni
818 2427 934 2474 silva
979 2426 1150 2482 selecta
1192 2433 1239 2473 et
1284 2423 1466 2480 modica
1500 2423 1791 2489 supellectile

355 2518 579 2564 exornata
625 2513 677 2561 in
722 2510 935 2563 libellum
979 2513 1204 2559 continuo
1259 2509 1340 2556 filo
1379 2507 1629 2556 deductum
1669 2507 1790 2554 deri-

354 2597 455 2647 vari
490 2603 684 2660 possent
716 2595 774 2643 ab
808 2614 921 2649 uno.
1008 2595 1134 2643 Illud
1172 2612 1298 2647 nunc
1338 2594 1513 2641 factum
1547 2592 1675 2640 haud
1710 2609 1791 2639 ex-

356 2679 470 2742 iguo
534 2680 834 2743 antiquarum
855 2694 864 2698 ’·
904 2679 1146 2731 literarum
1207 2677 1522 2732 emolumento
1587 2681 1789 2728 constat·

357 2761 527 2834 Neque
575 2770 732 2818 tamen
777 2762 871 2815 illis
922 2762 1164 2817 doctorum
1202 2760 1372 2813 studiis
1414 2760 1652 2832 provisum
1701 2764 1792 2818 cst,
