1820 3210
371 218 439 271 50
553 248 560 255 ·
820 217 1103 284 Theognidis
1136 219 1340 285 Elegiae.

373 373 518 404 senex
552 361 599 404 et
631 353 787 419 inopia
821 369 1008 418 pressus
1042 353 1296 415 scripserit.
1363 354 1430 399 ‘At
1465 353 1545 399 vix
1573 351 1796 401 Weidne-

371 441 453 470 rus
485 425 586 486 ipse
621 419 795 468 infitias
837 426 939 478 eat,
985 420 1037 464 in
1080 418 1278 466 eundem
1325 419 1489 467 cadere
1538 419 1793 480 hominem,

371 498 425 536 ut
453 489 643 554 juvenis
688 486 847 546 ludat,
897 502 1042 532 senex
1088 486 1129 530 si
1172 502 1267 532 non
1314 503 1495 534 morose
1541 495 1590 533 at
1635 503 1796 534 severe

370 574 475 604 cum
505 553 760 619 juvenibus
793 560 915 616 agat.
987 551 1155 615 Neque
1185 551 1468 599 Welckerus
1501 569 1528 599 a
1555 553 1795 618 Theogni-

284 674 290 677 χ
371 624 427 670 de
463 623 617 669 omnia
652 622 738 667 ista
774 620 926 666 aliena
956 626 1140 665 censet:
1188 618 1229 663 si
1263 618 1378 682 quid
1410 620 1650 667 remissius
1682 621 1795 668 scri-

369 691 516 753 pserit
548 695 711 752 poeta,
749 704 775 732 a
809 684 1099 748 turpitudine
1133 692 1287 731 tamen
1322 692 1602 748 temperasse
1635 703 1689 734 ac
1723 704 1794 734 se·

370 757 565 819 paratim
599 770 686 799 nec
719 752 864 799 multa
899 750 1044 815 hujus
1076 752 1264 814 generis
1294 750 1513 805 edidisse.
1597 753 1794 802 Dubita-

369 821 480 867 bilis
512 819 744 866 limitatio.

504 920 786 981 Quintum
834 916 1041 981 sejunxit
1074 935 1154 979 ea,
1199 919 1249 964 in
1285 916 1457 983 quibus
1489 910 1634 982 poeta>
1660 919 1795 985 Poly-

371 988 555 1054 pa‘idam
586 1015 652 1022 ——
686 991 972 1043 Πολυπαΐδης
1003 986 1126 1031 enim
1171 992 1356 1032 auctore
1392 987 1531 1033 Petro
1577 986 1796 1033 Elmsleio

370 1064 498 1103 rectev
523 1071 649 1100 nunc
692 1051 941 1111 scribitur5
999 1069 1143 1115 quum
1187 1051 1323 1098 codd.
1372 1059 1419 1099 et
1462 1051 1570 1100 edd.
1616 1055 1796 1116 priores

371 1123 547 1187 uquue
592 1125 876 1176 Πολυπαίδης
925 1125 1187 1164 monstrent
1226 1147 1293 1153 —-
1335 1118 1531 1180 affatur,
1591 1119 1703 1168 lieet
1742 1138 1797 1167 ea

371 1197 606 1236 auctorem
657 1185 829 1232 habere
879 1191 1062 1247 poetam
1105 1185 1430 1249 M'egarensem
1486 1187 1795 1233 certissimum

372 1259 450 1304 sit.
523 1254 662 1301 Ponit
696 1253 820 1298 enim
853 1250 1163 1310 welche-rus,
1207 1253 1290 1315 qui
1325 1251 1418 1299 huc
1451 1254 1594 1300 trahit
1622 1253 1794 1301 Su'idae

371 1321 539 1370 verba:
590 1328 662 1369 καὶ
695 1324 881 1381 ἑτέροις
915 1319 1206 1376 ὑποθήκας
1241 1321 1562 1389 παραινετικάς,
1598 1319 1794 1381 alterum

372 1389 603 1437 exstitisse
640 1384 996 1448 Gnomologiam
1042 1384 1099 1430 ad
1142 1385 1470 1448 Polylia‘l'dam,
1532 1389 1796 1451 argumenti

372 1473 511 1521 quam
540 1454 738 1500 maxime
771 1451 936 1497 similis
970 1452 1145 1513 priori:
1205 1451 1337 1498 valde
1373 1454 1498 1499 enim
1532 1454 1796 1500 mirandum

372 1539 501 1581 esse,
551 1522 602 1566 in
636 1517 795 1565 eadem
827 1516 1137 1580 Gnomologia
1170 1524 1240 1564 tot
1272 1527 1459 1582 tamque
1504 1520 1680 1568 similes
1715 1538 1795 1568 ex-

372 1590 546 1636 stitisse
581 1601 803 1651 gnomas,
861 1601 979 1647 quae
1020 1582 1174 1630 verbis
1209 1584 1469 1647 paullulum
1503 1586 1690 1634 inflexis
1722 1605 1794 1634 re-

300 1643 313 1652 *
372 1661 589 1703 currant:
637 1668 862 1714 compone
897 1667 1059 1697 vei-sus
1092 1647 1190 1696 291
1228 1668 1334 1715 sqq.
1380 1669 1485 1699 cum
1519 1650 1626 1699 647
1655 1671 1677 1700 s
1713 1672 1792 1719 q.;

372 1720 470 1768 751
509 1738 613 1767 cum
644 1711 778 1777 5753
823 1715 932 1762 209
956 1734 1060 1763 cum
1085 1714 1216 1778 2113
1261 1716 1368 1767 645
1391 1736 1496 1766 cum
1523 1716 1648 1782 1153
1733 1719 1796 1768 15

370 1807 477 1838 cum
503 1784 667 1848 10715
712 1782 950 1830 555»cum
980 1781 1118 1845 4013
1163 1783 1233 1830 59
1259 1802 1363 1832 cum
1387 1783 1545 1832 1051.
1616 1785 1796 1835 Verum

370 1853 631 1921 periculum
674 1858 775 1910 est,
841 1868 900 1896 ne
945 1849 1171 1914 quaedam
1218 1869 1243 1898 a
1281 1852 1579 1916 compilatore
1624 1853 1699 1901 bis
1745 1856 1797 1902 in

371 1922 582 1970 ordinem
625 1925 779 1965 coacta
837 1919 932 1964 sint
977 1916 1172 1964 diversis
1217 1918 1359 1979 locis,
1411 1937 1529 1984 quae
1578 1922 1795 1984 primitus

371 1989 530 2036 eadem
569 1993 719 2032 tractu
764 1985 986 2047 temporis
1034 1992 1080 2031 et
1126 1987 1255 2032 vario
1302 2003 1418 2046 usu,
1482 1985 1532 2033 id
1572 1987 1699 2052 quod
1743 1989 1795 2035 in

371 2053 603 2120 ejusmodi
637 2051 920 2099 carminibus
953 2068 1175 2116 persaepe
1209 2070 1299 2099 usu
1333 2054 1491 2114 venit,
1538 2053 1696 2118 paullo
1722 2072 1792 2102 es-

370 2129 475 2170 sent
507 2122 765 2167 immutata.

501 2219 651 2268 Nobis
693 2224 973 2276 Πολυπαΐδης
1017 2225 1088 2265 est
1128 2219 1496 2282 patronymicum
1541 2220 1716 2284 Cyrni,
1765 2240 1792 2269 a

370 2290 514 2355 patris
562 2288 749 2333 nomine
793 2292 1042 2341 Πολυπᾶὶ·ς,
1102 2284 1153 2331 h.
1196 2303 1239 2332 e.
1284 2287 1581 2347 Πολυπάμων,
1643 2287 1793 2336 forma

370 2355 680 2404 Doriensibus
715 2358 864 2398 sucta.
934 2352 1038 2402 Jam
1074 2369 1169 2398 non
1214 2369 1331 2415 opus
1365 2354 1454 2399 erit
1486 2359 1539 2398 ut
1565 2353 1793 2402 violenter

335 2449 339 2453 ’
373 2421 651 2471 divellantur
674 2436 792 2483 quae
822 2418 982 2465 eodem
1012 2420 1344 2464 sententiarum
1378 2418 1572 2466 flumine
1593 2438 1618 2466 a
1645 2421 1791 2485 Cyrni

373 2486 726 2552 compellatione
761 2484 819 2530 ad
854 2485 1153 2548 Polypa'idam
1189 2484 1468 2545 deflectunt,
1519 2485 1652 2534 verbi
1685 2505 1790 2551 gra-

371 2558 436 2603 tia
466 2572 543 2600 vv.
572 2549 797 2598 55-60,
869 2553 927 2597 Et
959 2553 1099 2597 unius
1133 2558 1263 2608 certe
1288 2550 1459 2599 codicis
1494 2552 1539 2598 H
1571 2551 1790 2602 librarius

372 2639 536 2670 verum
578 2618 762 2665 videtur
807 2618 1121 2681 significasse,
1177 2617 1260 2680 qui
1300 2616 1427 2665 hunc
1470 2618 1789 2683 Theognideis

372 2687 641 2753 praefixerit
689 2683 900 2731 titulum:
976 2684 1203 2743 Θεόγνιδος
1241 2691 1473 2750 Μεγαρέως
1518 2693 1791 2748 γνωμολογίαι

372 2757 482 2819 πρὸς
520 2754 742 2817 Κύρνον
781 2756 1140 2811 Πολυπαίὸην
1178 2752 1276 2799 τὸν
1318 2753 1609 2815 ἕρώμεᾶνον.
1693 2753 1789 2800 Vix

372 2821 574 2886 denique
620 2817 787 2866 Suidas
804 2849 819 2879 ,
878 2817 962 2882 qui
1010 2832 1152 2864 unam
1199 2823 1519 2882 Γνιιῃιολογίιιιν4
1554 2825 1794 2882 recenset„
