1820 3210
534 146 820 214 Theognidis
854 140 1059 215 Elegiae}
1449 145 1512 198 47

76 287 245 337 τούτων
277 288 583 351 ἐμβληθέντων
624 281 777 333 ἄλλων.
858 279 1058 346 Disjccti
1102 282 1307 331 membra
1348 290 1514 347 poetae

8 367 10 371 '
78 356 239 420 arguit
283 354 462 418 primus
503 350 721 398 obtutus:
785 349 903 399 adeo
947 351 1047 398 scre
1086 352 1217 398 nullo
1254 351 1514 416 ligamento

77 421 293 487 singulae
326 418 505 484 elegiae
542 421 725 466 vinctae
761 426 901 466 sunt:
954 420 1111 483 arguit
1139 420 1512 466 testimoniorum

31 533 35 536 .
75 489 199 546 {ides
241 493 552 535 vetustorum.
624 487 744 534 Nam
788 494 976 533 auctore
1022 483 1341 549 Xenophonte
1389 485 1515 550 apud

76 555 328 604 Stobucum
410 554 638 619 Florileg.
702 549 1055 614 LXXXVIII,
1113 551 1236 600 499.
1309 550 1511 602 Gesner.

75 630 280 685 constat,
357 623 544 668 initium
601 622 791 668 duxisse
835 621 1249 687 Theognideorum
1309 621 1514 669 collecti-

74 706 240 749 onem,
299 689 486 754 qualem
522 689 652 736 illius
686 691 848 741 aetatis
881 689 1094 751 homines
1127 688 1407 749 versabant,
1453 688 1513 735 ab

74 759 134 803 iis
164 757 400 818 versibus,
438 774 558 822 quos
592 759 741 803 nostri
771 757 953 805 codices
989 758 1263 805 inseruntra
1297 776 1376 803 vv.
1409 753 1514 803 185

73 822 285 871 -199,
395 823 455 872 Et
501 820 578 870 xiv.
625 823 731 870 257
761 843 868 890 sqq.
925 826 1115 889 pristini
1174 829 1516 890 συναθροισμοῦ

74 910 236 940 eorum
272 909 393 957 quae
428 891 486 939 acl
522 893 728 956 Cyrnum
774 894 943 956 scripta
990 892 1210 952 fuerunt,
1259 893 1403 940 finem
1443 893 1515 939 fe-

74 962 193 1008 cisse
227 961 458 1025 sagaciter
490 961 580 1006 viri
617 959 741 1007 docti
775 968 1136 1024 perspexerunt.

143 1050 147 1059 ·
207 1026 350 1075 Poeta
378 1028 671 1092 Megarensis
700 1053 768 1064 —->-
801 1030 869 1075 sie
903 1030 1027 1074 enim
1061 1046 1158 1075 rem
1195 1027 1332 1075 nobis
1364 1027 1511 1075 insor-

73 1112 255 1142 mamus
289 1125 356 1131 —
390 1095 571 1141 diversa
607 1104 781 1154 aetate,
836 1096 1052 1156 fortuna,
1107 1096 1384 1144 condicione
1413 1114 1513 1143 ear-

73 1164 199 1212 mina
233 1162 438 1226 elegiaca
471 1163 682 1210 condidit
715 1163 896 1210 diversa
929 1172 975 1210 et
1008 1165 1056 1210 in
1093 1163 1266 1228 quibus
1302 1164 1513 1212 diversos

20 1262 23 1267 -
63 1225 254 1297 'amicos‘
275 1229 613 1294 alloqueretur.
685 1231 715 1275 J
721 1232 884 1277 uvenis
917 1238 1054 1294 pocta
1082 1240 1129 1278 et
1157 1231 1410 1295 opulentus
1435 1231 1514 1278 vel

70 1295 311 1344 lascivisse
327 1297 515 1343 videtur
535 1297 842 1356 carminibus,
879 1298 939 1343 ad
965 1314 1163 1362 eamque
1186 1299 1512 1346 condicionem

69 1362 317 1411 referenda
361 1363 606 1423 videntur,
663 1382 782 1428 quae
822 1365 1135 1412 vividi-oribus
1179 1365 1397 1414 distincta
1434 1376 1513 1414 co-

70 1431 253 1479 loribus
289 1432 469 1479 enitent
499 1433 550 1478 in
585 1432 760 1479 corolla
795 1432 1019 1497 elegiaca.
1092 1434 1232 1480 Senis
1277 1443 1430 1482 autem
1467 1441 1514 1481 et

70 1498 216 1546 multa
249 1500 472 1563 variaque
505 1501 718 1563 perpessi
751 1504 1044 1547 severitatem
1091 1503 1338 1566 animique·
1365 1503 1513 1549 tristi-

70 1569 183 1614 tiam
217 1568 401 1630 spirant
436 1567 646 1631 elegiae‚
712 1585 830 1632 quas
868 1567 927 1614 ad
962 1569 1171 1632 Cyrnum
1208 1569 1512 1634 Polypa'idam

71 1635 279 1698 scripsit.
347 1632 556 1698 'Delegit
589 1635 713 1681 enim
757 1642 925 1699 poeta,
982 1635 1211 1683 nobilium
1254 1639 1304 1683 in
1348 1640 1512 1702 paucis

70 1700 231 1748 fautor
270 1708 320 1748 et
362 1701 640 1762 admirator,
687 1703 895 1750 nobilem
930 1703 1271 1752 adolescentem
1309 1706 1511 1753 Dorien-

70 1787 168 1816 sem
202 1798 272 1805 --
305 1784 444 1833 quem
482 1786 627 1834 quum
669 1769 841 1817 Suiclas
883 1773 961 1821 τὸν
1003 1774 1140 1822 αὐτοῦ
1174 1774 1386 1837 ἐρώμενον
1431 1792 1511 1821 vo·-

70 1844 170 1895 cat,
214 1844 339 1884 recte
375 1837 514 1895 facit,
558 1838 790 1902 siquidem
822 1839 882 1885 ad
916 1857 1070 1886 mores
1094 1841 1395 1888 Doriensium
1428 1859 1512 1906 po-

69 1903 288 1969 pulorum
328 1922 533 1951 amorem
578 1906 807 1968 puerilem
848 1924 1149 1968 revocamus,
1207 1925 1255 1955 v.
1290 1908 1512 1958 Muelleri

71 1973 215 2026 Dorr.
247 1971 324 2032 ll,
361 1969 467 2018 292
502 1989 610 2036 sqq.
643 2003 743 2032 ——-‚
793 1975 868 2020 eui
901 1982 1097 2038 paterno
1132 1994 1289 2024 amore
1325 1978 1512 2025 deditus

70 2040 284 2086 novicius
320 2039 671 2087 Chiron'alteri
707 2041 886 2088 Achilli
924 2052 1087 2107 peetus
1132 2063 1312 2092 morum
1348 2045 1509 2111 probi-

69 2113 163 2154 tate
209 2109 418 2154 muniret
465 2115 511 2155 et
557 2108 614 2154 ad
663 2110 882 2157 virtutem
930 2129 1115 2158 omnem
1160 2114 1507 2176 conformaret3

70 2174 154 2222 sed
200 2174 260 2220 ad
317 2192 418 2222 eam
466 2177 720 2238 virtutem,
788 2178 942 2243 qualis
988 2180 1250 2244 optimates
1303 2182 1505 2231 deceret.

72 2239 251 2289 Confer
282 2261 331 2289 v.
365 2239 510 2289 1049
541 2261 616 2309 sq.
675 2271 676 2275 =

70 2316 153 2360 Σοὶ
181 2317 229 2359 δέ
262 2332 332 2360 τοι
365 2309 436 2360 οἷά
473 2333 519 2360 τε
550 2318 672 2361 παιδὶ
702 2315 847 2380 πατὴρ
882 2316 1176 2381 ὑποθήσομαι
1210 2320 1341 2378 αὐτὸς

138 2379 291 2429 ἔσθ-λά·
326 2380 382 2428 σὺ
414 2380 455 2426 δ’
493 2386 538 2428 ἓν
565 2385 703 2446 θυμῷ
734 2391 806 2431 καὶ
835 2393 966 2448 φρεσὶ
998 2393 1136 2436 ταῦτα
1168 2388 1314 2447 βάλευ.

72 2445 136 2490 Et
178 2461 231 2492 ea
273 2445 464 2511 quidem
511 2449 743 2508 carmina,
808 2451 983 2515 quibus
1031 2453 1090 2499 acl
1138 2455 1347 2519 Cyrnum
1398 2473 1509 2502 con-

71 2527 207 2558 versa
241 2515 388 2568 oratio
415 2522 511 2575 est,
564 2523 703 2579 caput
744 2526 855 2565 sunt
901 2521 1148 2568 universae
1195 2525 1352 2585 poesis
1382 2523 1508 2571 The-

69 2578 329 2642 ognicleae:
379 2580 493 2629 hinc
538 2585 737 2630 maxime
780 2593 944 2648 poetae
988 2590 1185 2636 virtutes
1233 2600 1504 2638 censentur.
1546 2633 1556 2639 .

69 2647 205 2693 Hanc
238 2653 416 2711 partem
449 2658 664 2714 spectans
693 2652 965 2718 Xenophon
994 2655 1110 2703 hacc
1152 2659 1368 2722 scripsit:
1429 2665 1509 2708 Θε-

71 2714 245 2774 όγνιδος
288 2721 402 2765 ἐστιν
437 2720 517 2775 ἔπη
548 2723 631 2767 τοῦ
663 2727 913 2785 ,Μεγαρέως
949 2721 1079 2780 οὗτος
1122 2726 1145 2773 ὁ
1187 2729 1371 2787 ποιητὴς
1411 2737 1507 2791 περὶ

70 2781 246 2839 οὐδενὸς
274 2783 408 2832 ἄλλου
434 2783 567 2845 λόγον
595 2792 826 2846 πεποίηται
862 2792 891 2848 ἢ
922 2799 1018 2855 περὶ
1059 2793 1211 2859 ἀρετῆς
1246 2803 1323 2844 καὶ
1353 2803 1505 2854 κακίας
