1852 3224
204 210 351 322 ἐξῇ
372 205 527 307 &22-
579 175 593 180 “
652 187 1030 242 PRAEFATIO.
1130 253 1143 296 ἶ
1501 191 1568 241 xl

114 349 176 391 no
201 328 333 393 mh
361 329 611 388 commissa
646 332 809 379 rimari
842 331 1030 396 possint
1063 338 1111 379 et
1140 332 1397 398 exagitare.
1489 332 1569 380 ln·-

112 425 181 466 te
252 434 299 468 ιιι
334 402 462 465 enim
500 415 641 464 facile
674 415 856 482 largior
896 419 990 464 me
1004 433 1182 465 cornua
1222 418 1499 482 sumpsisse·
1518 419 1569 465 in

58 504 147 636 432:
264 502 506 551 tissimum
541 502 725 568 poetis,
780 518 986 568 quorum
1016 500 1248 567 reliquiae
1278 501 1569 551 foedissimis

249 583 358 636 hus
386 586 662 652 deturpatae
690 585 889 652 jacent.
945 586 1010 635 Ut
1042 587 1263 637 audaculi
1291 587 1464 637 medici
1498 589 1567 636 fa-

113 675 248 723 ciunt
359 674 410 721 ui
453 673 659 721 instante
698 673 821 721 vitae
865 672 1081 738 periculo
1124 671 1202 720 vel
1235 672 1296 720 ad
1330 667 1568 722 urendum

36 750 44 755 ’
114 767 163 808 et
194 691 452 807 seffium
486 765 635 805 artem
667 747 934 823 manusque
964 757 1236 806 conferunt.
1311 758 1570 808 Librorum

114 854 274 895 tamen
315 845 430 893 vitia
476 843 658 911 ubique
705 841 998 909 subscripsi,
1056 844 1366 894 fundamenta
1409 864 1570 895 emen·

3 957 49 995 ἡ
114 928 315 978 daturis·
1430 987 1436 990 ⁵

252 1014 627 1062 Commentarios
665 1030 754 1062 nec
801 1014 935 1078 potui
978 1015 1279 1062 conscribere
1324 1022 1371 1063 et
1412 1014 1566 1063 nolui.

118 1103 180 1150 Et
205 1099 500 1150 discentibus
536 1107 583 1148 et
607 1098 758 1147 doctis
794 1098 861 1146 ibi
897 1108 1094 1148 conatus
1129 1118 1236 1148 sum
1271 1117 1569 1163 succurrere,

116 1187 199 1235 ub
238 1185 492 1236 uerborum
529 1193 578 1234 et
610 1201 770 1233 rerum
806 1185 1076 1234 intellectus
1118 1187 1294 1235 tardari
1327 1206 1468 1253 posse
1504 1190 1574 1236 vi-

193 1306 329 1342 >,,
352 1271 546 1337 objectu
592 1267 947 1334 difficultatum:
1011 1289 1038 1320 a
1086 1272 1230 1321 rebus
1282 1274 1574 1340 quotidianis
1620 1283 1624 1287 ’

118 1367 167 1409 et
206 1343 423 1425 {fragis
456 1354 755 1406 inculcandis
787 1357 1036 1405 abhorrui.
1120 1358 1248 1407 Illud
1282 1378 1423 1409 curae
1459 1363 1570 1423 fuit,

118 1451 174 1492 ut
221 1442 339 1509 quid
389 1460 462 1491 ex.
490 1441 844 1508 antiquioribus
886 1445 1040 1508 poetis
1081 1444 1328 1508 fluxisset,
1388 1447 1508 1513 quid
1546 1466 1575 1495 a

120 1526 465 1595 posterioribus
499 1529 653 1593 poetis
695 1535 743 1576 et
775 1529 1005 1585 Romanis
1041 1530 1092 1577 in
1132 1532 1446 1580 imitationem
1480 1539 1575 1580 tra·

121 1621 252 1662 ctum
298 1613 534 1661 curiosius
579 1612 856 1661 indicarem.
961 1614 1071 1677 Quo
1121 1617 1173 1663 in
1219 1635 1395 1683 genere
1443 1617 1577 1684 larga

122 1707 282 1747 tamen
329 1698 498 1746 messis
541 1705 784 1763 exspectat
830 1717 943 1762 cos,
1008 1701 1092 1766 qui
1139 1702 1235 1764 ἅμα
1280 1706 1459 1768 πρόσσω
1500 1711 1577 1753 καὶ

122 1790 291 1838 ὀπίσσω
321 1784 558 1851 speculari
593 1784 880 1834 didicerunt.
967 1787 1189 1853 Denique
1238 1806 1336 1836 non
1377 1789 1576 1855 vulgare

118 1871 276 1938 justae
319 1870 651 1936 explicationis
688 1871 978 1936 praesidium
1020 1874 1072 1919 in
1115 1890 1171 1920 eo
1206 1875 1415 1937 positum
1445 1873 1576 1939 judi-

124 1959 254 2019 cavi,
312 1965 367 2004 ut
410 1974 554 2023 quem
589 1955 650 2004 ad
696 1956 840 2004 finem
882 1957 1064 2023 singuli
1099 1959 1354 2023 scriptores
1386 1958 1579 2024 singula

0 2090 2 2092 .
38 2058 50 2070 ²
125 2044 392 2110 fragmenta
437 2044 751 2103 excitassent,
799 2042 1126 2092 adscribendis
1169 2046 1382 2110 ipsorum
1418 2045 1578 2095 verbis

0 2060 113 2182 Q·
126 2130 203 2179 vel
237 2130 507 2196 praemissis
542 2128 618 2177 vel
652 2131 928 2194 postpositis
966 2130 1183 2179 clareret.

261 2215 407 2263 Multi
452 2231 528 2262 me
564 2213 623 2261 ad
660 2214 789 2262 hunc
834 2214 1051 2263 libellum
1090 2216 1471 2265 concinnandum
1506 2219 1581 2265 in-

125 2302 383 2368 stigarunt,
415 2307 464 2349 et
498 2301 787 2366 instigarunt
819 2309 1110 2364 currentem,
1150 2310 1202 2350 ut
1234 2303 1389 2368 ajunt.
1462 2306 1579 2352 Fru-

127 2393 268 2435 antur
322 2387 472 2452 igitur
518 2386 610 2435 hoc
659 2386 875 2449 delectu,
946 2389 1032 2453 qui
1090 2407 1273 2437 mecum
1325 2408 1412 2455 per
1463 2386 1582 2438 haec

126 2470 457 2519 amoenissima
504 2477 639 2535 prata
687 2487 947 2535 paucorum
1000 2471 1109 2518 trita
1159 2472 1280 2536 pede
1330 2475 1581 2522 volitantes

129 2551 382 2601 delibanda
433 2555 672 2602 variorum
724 2553 896 2602 {lorum
953 2557 1169 2604 ubertate
1215 2558 1292 2603 vel
1349 2555 1580 2622 pabulum

128 2637 316 2702 ingenii
354 2638 431 2686 vel
472 2639 721 2688 honestam
764 2641 1091 2690 remissionem
1140 2642 1289 2688 animi
1328 2651 1576 2708 quaerent.

128 2719 255 2769 Mihi
296 2728 422 2770 certe
461 2721 613 2772 libelli
656 2725 892 2773 confectio
934 2732 982 2773 et
1025 2724 1375 2789 jucunditatem
1421 2727 1581 2775 attulit

87 2798 462 2884 {jheredibilem
503 2818 551 2857 et
591 2811 765 2858 eximio
809 2812 901 2858 fuit
948 2811 1135 2859 solatio.
1236 2813 1359 2861 Nam
1406 2815 1456 2862 in
1506 2815 1579 2861 his
